<?xml version="1.0" encoding="UTF-8"?><record xmlns="http://www.loc.gov/MARC21/slim" xmlns:cinclude="http://apache.org/cocoon/include/1.0" xmlns:zs="http://www.loc.gov/zing/srw/">
  <leader>00627cz  a2200145n  4500</leader>
  <controlfield tag="001">n  88634238 </controlfield>
  <controlfield tag="003">DLC</controlfield>
  <controlfield tag="005">20160218073722.0</controlfield>
  <controlfield tag="008">880506n| azannaabn          |n aad      </controlfield>
  <datafield tag="010" ind1=" " ind2=" ">
    <subfield code="a">n  88634238 </subfield>
  </datafield>
  <datafield tag="035" ind1=" " ind2=" ">
    <subfield code="a">(OCoLC)oca02269523</subfield>
  </datafield>
  <datafield tag="040" ind1=" " ind2=" ">
    <subfield code="a">DLC</subfield>
    <subfield code="b">eng</subfield>
    <subfield code="e">rda</subfield>
    <subfield code="c">DLC</subfield>
    <subfield code="d">DLC</subfield>
    <subfield code="d">InU</subfield>
  </datafield>
  <datafield tag="100" ind1="1" ind2=" ">
    <subfield code="a">Rojas, Oscar E.</subfield>
  </datafield>
  <datafield tag="670" ind1=" " ind2=" ">
    <subfield code="a">nuc88-55228: His Estudio agroclimaĚtico de Costa Rica, 1985</subfield>
    <subfield code="b">(hdg. on DPU rept.: Rojas, Oscar E.; usage: Oscar E. Rojas)</subfield>
  </datafield>
  <datafield tag="670" ind1=" " ind2=" ">
    <subfield code="a">Understanding the drought impact of El NinĚo on the global agricultural areas,  an assessment using FAO's Agricultural Stress Index (ASI), 2014:</subfield>
    <subfield code="b">title page (Oscar Rojas, NRC (FAO))</subfield>
  </datafield>
</record>